@book{learningscala,
    author    = "Jason Swartz",
    title     = "Learning Scala: Practical Functional Programming for the JVM",
    year      = "2014",
    publisher = "O'Reilly Media",
    address   = "Sebastopol, Califorina"
}

@book{practicalclojure,
    author    = "Luke VanderHart and Stuart Sierra",
    title     = "Practical Clojure",
    year      = "2010",
    publisher = "Apress",
    address   = "New York, New York"
}